<record><leader>00000cas a22000007a 4500</leader><controlfield tag="001">11592391</controlfield><controlfield tag="008">850117d18571863wiuwr ne      0    0eng c</controlfield><datafield ind1=" " ind2=" " tag="010"><subfield code="a">sn 85040024 </subfield></datafield><datafield ind1=" " ind2=" " tag="040"><subfield code="a">NPV</subfield><subfield code="b">eng</subfield><subfield code="c">NPV</subfield><subfield code="d">DLC</subfield><subfield code="d">OCLCQ</subfield><subfield code="d">OCLCF</subfield><subfield code="d">OCLCA</subfield></datafield><datafield ind1="1" ind2=" " tag="029"><subfield code="a">AU@</subfield><subfield code="b">000025795897</subfield></datafield><datafield ind1=" " ind2=" " tag="042"><subfield code="a">pcc</subfield></datafield><datafield ind1=" " ind2=" " tag="043"><subfield code="a">n-us-wi</subfield></datafield><datafield ind1=" " ind2=" " tag="045"><subfield code="a">w5w6</subfield></datafield><datafield ind1="0" ind2="0" tag="050"><subfield code="a">Newspaper 10235</subfield></datafield><datafield ind1=" " ind2=" " tag="052"><subfield code="a">4123</subfield><subfield code="b">K4</subfield></datafield><datafield ind1="0" ind2="4" tag="245"><subfield code="a">The Kenosha times.</subfield></datafield><datafield ind1=" " ind2=" " tag="260"><subfield code="a">Kenosha, Wis. :</subfield><subfield code="b">D.C. McVean &amp; Co. [I.D. George],</subfield><subfield code="c">1857-1863.</subfield></datafield><datafield ind1=" " ind2=" " tag="300"><subfield code="a">6 v. :</subfield><subfield code="b">ill. (chiefly advertisements)</subfield></datafield><datafield ind1=" " ind2=" " tag="310"><subfield code="a">Weekly</subfield></datafield><datafield ind1="0" ind2=" " tag="362"><subfield code="a">Vol. 1, no. 1 (July 2, 1857)-v. 6, no. 39 (Jan. 29, 1863).</subfield></datafield><datafield ind1=" " ind2=" " tag="500"><subfield code="a">Publisher from July 9, 1857, issue.</subfield></datafield><datafield ind1=" " ind2=" " tag="500"><subfield code="a">Published every Thursday.</subfield></datafield><datafield ind1=" " ind2=" " tag="500"><subfield code="a">Editor: J.A. Butts, May 13, 1859-Jan. 24, 1861.--Butts &amp; McVean, Jan. 31-Sept. 5, 1861.--J.A. Butts, Sept. 12, 1861-Feb. 20, 1862.--J.A. Harrison, J. Bond, Feb. 27-May 1, 1862.--J. Bond, May 8, 1862-1863.</subfield></datafield><datafield ind1=" " ind2=" " tag="530"><subfield code="a">Also issued on microfilm from The State Historical Society of Wisconsin.</subfield></datafield><datafield ind1=" " ind2="0" tag="651"><subfield code="a">Kenosha (Wis.)</subfield><subfield code="v">Newspapers.</subfield></datafield><datafield ind1=" " ind2="7" tag="655"><subfield code="a">Newspapers.</subfield><subfield code="2">fast</subfield><subfield code="0">(OCoLC)fst01423814</subfield></datafield><datafield ind1=" " ind2="7" tag="651"><subfield code="a">Wisconsin</subfield><subfield code="z">Kenosha.</subfield><subfield code="2">fast</subfield><subfield code="0">(OCoLC)fst01203049</subfield></datafield><datafield ind1=" " ind2=" " tag="752"><subfield code="a">United States</subfield><subfield code="b">Wisconsin</subfield><subfield code="c">Kenosha</subfield><subfield code="d">Kenosha.</subfield></datafield></record>